@article{fisher1928,
  title = {{Limiting forms of the frequency distribution of the largest or smallest member of a sample}},
  volume = {24},
  doi = {10.1017/S0305004100015681},
  number = {2},
  journal = {{Mathematical Proceedings of the Cambridge Philosophical Society}},
  author = {Fisher, Ronald Aylmer and Tippett, Leonard Henry Caleb},
  year = {1928},
  pages = {180--190}
}

@article{gnedenko1943,
 author = {Boris Gnedenko},
 journal = {Annals of Mathematics},
 number = {3},
 pages = {423--453},
 title = {{Sur La Distribution Limite Du Terme Maximum D'Une Série Aléatoire}},
 volume = {44},
 year = {1943},
 doi = {10.2307/1968974},
}

@phdthesis{dehaan1970,
  author = {{de Haan}, {Laurens}},
  title = {{On Regular Variation and Its Application to Weak Convergence of Sample Extremes}},
  address = {Universiteit van Amsterdam},
  year = {1970}
}

@book{dehaan2006,
  title={{Extreme Value Theory: An Introduction}},
  author={{de Haan}, L. and Ferreira, A.},
  series={{Springer Series in Operations Research and Financial Engineering}},
  year={2006},
  publisher={Springer},
  address={New York},
  doi={10.1007/0-387-34471-3}
}

@article{pere2024,
title = {{On extreme quantile region estimation under heavy-tailed elliptical distributions}},
journal = {Journal of Multivariate Analysis},
volume = {202},
pages = {105314},
year = {2024},
issn = {0047-259X},
doi = {10.1016/j.jmva.2024.105314},
author = {Jaakko Pere and Pauliina Ilmonen and Lauri Viitasaari}
}

@article{hill1975,
  author = {Bruce Marvin Hill},
  title = {{A Simple General Approach to Inference About the Tail of a Distribution}},
  volume = {3},
  journal = {The Annals of Statistics},
  number = {5},
  publisher = {Institute of Mathematical Statistics},
  pages = {1163--1174},
  year = {1975},
  doi = {10.1214/aos/1176343247}
}

@article{mason1982,
  author = {David M. Mason},
  title = {{Laws of Large Numbers for Sums of Extreme Values}},
  volume = {10},
  journal = {The Annals of Probability},
  number = {3},
  pages = {754 -- 764},
  year = {1982},
  doi = {10.1214/aop/1176993783}
}

@article{cai2011,
author = {Juan-Juan Cai and John H. J. Einmahl and Laurens de Haan},
title = {{Estimation of extreme risk regions under multivariate regular variation}},
volume = {39},
journal = {The Annals of Statistics},
number = {3},
pages = {1803--1826},
year = {2011},
doi = {10.1214/11-AOS891}
}

@article{he2016,
  author = {He, Yi and Einmahl, John H. J.},
  title = {Estimation of Extreme Depth-Based Quantile Regions},
  journal = {Journal of the Royal Statistical Society Series B: Statistical Methodology},
  volume = {79},
  number = {2},
  pages = {449--461},
  year = {2016},
  doi = {10.1111/rssb.12163}
}

@article{virta2024,
title = {Latent model extreme value index estimation},
journal = {Journal of Multivariate Analysis},
volume = {202},
pages = {105300},
year = {2024},
doi = {10.1016/j.jmva.2024.105300},
author = {Joni Virta and Niko Lietzén and Lauri Viitasaari and Pauliina Ilmonen}
}

@article{kim2019,
author = {Mihyun Kim and Piotr Kokoszka},
title = {Hill estimator of projections of functional data on principal components},
journal = {Statistics},
volume = {53},
number = {4},
pages = {699--720},
year = {2019},
doi = {10.1080/02331888.2019.1609476}
}